<record><leader>00000cas a2200000 a 4500</leader><controlfield tag="001">24861581</controlfield><controlfield tag="008">911126d18181819ctuwr ne      0   a0eng c</controlfield><datafield ind1=" " ind2=" " tag="010"><subfield code="a">sn 91058143 </subfield></datafield><datafield ind1=" " ind2=" " tag="040"><subfield code="a">MGN</subfield><subfield code="b">eng</subfield><subfield code="c">MGN</subfield><subfield code="d">KNP</subfield><subfield code="d">IUL</subfield><subfield code="d">OCL</subfield><subfield code="d">YOX</subfield><subfield code="d">KNP</subfield><subfield code="d">NVK</subfield><subfield code="d">TGN</subfield><subfield code="d">DLC</subfield><subfield code="d">OBN</subfield><subfield code="d">OCL</subfield><subfield code="d">CVF</subfield><subfield code="d">DLC</subfield><subfield code="d">NYS</subfield><subfield code="d">KRTAS</subfield><subfield code="d">DLC</subfield><subfield code="d">OCLCQ</subfield><subfield code="d">OCLCF</subfield></datafield><datafield ind1=" " ind2=" " tag="019"><subfield code="a">24890241</subfield></datafield><datafield ind1="1" ind2=" " tag="029"><subfield code="a">AU@</subfield><subfield code="b">000020674704</subfield></datafield><datafield ind1=" " ind2=" " tag="042"><subfield code="a">pcc</subfield></datafield><datafield ind1=" " ind2=" " tag="043"><subfield code="a">n-us-ct</subfield></datafield><datafield ind1="0" ind2="0" tag="050"><subfield code="a">Newspaper</subfield></datafield><datafield ind1="0" ind2=" " tag="130"><subfield code="a">Advertiser (Windham, Conn.)</subfield></datafield><datafield ind1="1" ind2="4" tag="245"><subfield code="a">The advertiser.</subfield></datafield><datafield ind1=" " ind2=" " tag="260"><subfield code="a">Windham [Conn.] :</subfield><subfield code="b">S. Webb</subfield></datafield><datafield ind1=" " ind2=" " tag="300"><subfield code="a">v.</subfield></datafield><datafield ind1=" " ind2=" " tag="310"><subfield code="a">Weekly</subfield></datafield><datafield ind1="1" ind2=" " tag="362"><subfield code="a">Began in Apr. 1818; ceased in 1819.</subfield></datafield><datafield ind1=" " ind2=" " tag="500"><subfield code="a">Began April 9, 1818; Cf. Brigham.</subfield></datafield><datafield ind1="4" ind2=" " tag="510"><subfield code="a">Brigham, C.S. Amer. newspapers</subfield><subfield code="c">p. 74</subfield></datafield><datafield ind1=" " ind2=" " tag="530"><subfield code="a">Available on microfilm from Readex Microprint Corp.</subfield></datafield><datafield ind1=" " ind2=" " tag="588"><subfield code="a">Description based on: No. 62 (May 7, 1818).</subfield></datafield><datafield ind1=" " ind2="0" tag="651"><subfield code="a">Windham (Conn. : Town)</subfield><subfield code="v">Newspapers.</subfield></datafield><datafield ind1=" " ind2="0" tag="651"><subfield code="a">Windham County (Conn.)</subfield><subfield code="v">Newspapers.</subfield></datafield><datafield ind1=" " ind2="7" tag="655"><subfield code="a">Newspapers.</subfield><subfield code="2">fast</subfield><subfield code="0">(OCoLC)fst01423814</subfield></datafield><datafield ind1=" " ind2="7" tag="651"><subfield code="a">Connecticut</subfield><subfield code="z">Windham County.</subfield><subfield code="2">fast</subfield><subfield code="0">(OCoLC)fst01212082</subfield></datafield><datafield ind1=" " ind2="7" tag="651"><subfield code="a">Connecticut</subfield><subfield code="z">Windham (Town)</subfield><subfield code="2">fast</subfield><subfield code="0">(OCoLC)fst01331484</subfield></datafield><datafield ind1=" " ind2=" " tag="752"><subfield code="a">United States</subfield><subfield code="b">Connecticut</subfield><subfield code="c">Windham</subfield><subfield code="d">Windham.</subfield></datafield><datafield ind1="0" ind2=" " tag="776"><subfield code="a">Register and country advertiser</subfield><subfield code="d">Readex</subfield><subfield code="w">(OCoLC)24182106</subfield></datafield><datafield ind1="0" ind2="0" tag="780"><subfield code="t">Register and country advertiser</subfield><subfield code="w">(DLC)sn 91058142</subfield><subfield code="w">(OCoLC)24861566</subfield></datafield><datafield ind1=" " ind2=" " tag="938"><subfield code="a">Kirtas Technologies, Inc.</subfield><subfield code="b">KRTS</subfield><subfield code="n">740459</subfield></datafield></record>